@misc{gmit:home,
    author    = "GMIT",
    title     = "Galway-Mayo Institute of Technology",
    url       = "http://www.gmit.ie/"
}
